<record><leader>00000cas a22000007a 4500</leader><controlfield tag="001">26114544</controlfield><controlfield tag="008">920701d18721873nyuwr ne      0    0eng d</controlfield><datafield ind1=" " ind2=" " tag="010"><subfield code="a">sn 92061702 </subfield></datafield><datafield ind1=" " ind2=" " tag="040"><subfield code="a">NYS</subfield><subfield code="b">eng</subfield><subfield code="c">NYS</subfield><subfield code="d">OCLCQ</subfield></datafield><datafield ind1=" " ind2=" " tag="042"><subfield code="a">msc</subfield></datafield><datafield ind1="0" ind2=" " tag="130"><subfield code="a">Otego times (Otego, N.Y. : 1872)</subfield></datafield><datafield ind1="1" ind2="4" tag="245"><subfield code="a">The Otego times.</subfield></datafield><datafield ind1=" " ind2=" " tag="260"><subfield code="a">Otego, N.Y. :</subfield><subfield code="b">G.A. Dodge</subfield></datafield><datafield ind1=" " ind2=" " tag="300"><subfield code="a">v.</subfield></datafield><datafield ind1=" " ind2=" " tag="310"><subfield code="a">Weekly</subfield></datafield><datafield ind1="1" ind2=" " tag="362"><subfield code="a">Began in Aug. 1872? Ceased in Jan. 1873?</subfield><subfield code="z">Cf. Myers, A Bicentennial history of Otego.</subfield></datafield><datafield ind1=" " ind2=" " tag="588"><subfield code="a">Description based on: Vol. 1, no. 17 (Nov. 30, 1872).</subfield></datafield><datafield ind1=" " ind2="4" tag="651"><subfield code="a">Otego (N.Y.)</subfield><subfield code="v">Newspapers.</subfield></datafield><datafield ind1=" " ind2=" " tag="752"><subfield code="a">United States</subfield><subfield code="b">New York</subfield><subfield code="c">Otsego</subfield><subfield code="d">Otego.</subfield></datafield><datafield ind1="0" ind2="7" tag="785"><subfield code="t">Otego record</subfield></datafield><datafield ind1="0" ind2="7" tag="785"><subfield code="t">Otego times and record</subfield></datafield><datafield ind1="1" ind2=" " tag="029"><subfield code="a">AU@</subfield><subfield code="b">000020711076</subfield></datafield></record>